<?xml version="1.0" encoding="UTF-8"?>
<CBISDDReqLogMsg xmlns="urn:CBI:xsd:CBISDDReqLogMsg.00.01.01" xmlns:xs="http://www.w3.org/2001/XMLSchema-instance" xs:schemaLocation="urn:CBI:xsd:CBISDDReqLogMsg.00.01.01 CBISDDReqLogMsg.00.01.01.xsd">
  <GrpHdr>
    <MsgId>SDDCAR06067260401</MsgId>
    <CreDtTm>2026-05-06T07:23:55+02:00</CreDtTm>
    <NbOfTxs>16</NbOfTxs>
    <CtrlSum>4043.94</CtrlSum>
    <InitgPty>
      <Nm>Enilive Station di Andrea Cervellini</Nm>
      <Id><OrgId>
        <Othr><Id>1987558U</Id><Issr>CBI</Issr></Othr>
        <Othr><Id>IT00000030756</Id><Issr>ADE</Issr></Othr>
      </OrgId></Id>
    </InitgPty>
  </GrpHdr>
  <PmtInf>
    <PmtInfId>001-15/05/2026</PmtInfId>
    <PmtMtd>DD</PmtMtd>
    <BtchBookg>false</BtchBookg>
    <PmtTpInf><SvcLvl><Cd>SEPA</Cd></SvcLvl><LclInstrm><Cd>CORE</Cd></LclInstrm><SeqTp>RCUR</SeqTp></PmtTpInf>
    <ReqdColltnDt>2026-05-15</ReqdColltnDt>
    <Cdtr>
      <Nm>Enilive Station di Andrea Cervellini</Nm>
      <PstlAdr><Ctry>SM</Ctry>
        <AdrLine>VIA 28 LUGLIO 105</AdrLine>
        <AdrLine>47893, BORGO MAGGIORE , RSM, SAN MARINO</AdrLine>
      </PstlAdr>
      <Id><PrvtId><Othr><Id>IT00000030756</Id><Issr>ADE</Issr></Othr></PrvtId></Id>
    </Cdtr>
    <CdtrAcct><Id><IBAN>SM42J0606709801000019801935</IBAN></Id></CdtrAcct>
    <CdtrAgt><FinInstnId><ClrSysMmbId><MmbId>06067</MmbId></ClrSysMmbId></FinInstnId></CdtrAgt>
    <ChrgBr>SLEV</ChrgBr>
    <CdtrSchmeId><Id><PrvtId><Othr><Id>SM31001000000000SM30756</Id></Othr></PrvtId></Id></CdtrSchmeId>
    <DrctDbtTxInf>
      <PmtId>
        <InstrId>1</InstrId>
        <EndToEndId>00001-SDDCAR06067260401</EndToEndId>
      </PmtId>
      <InstdAmt Ccy="EUR">118.79</InstdAmt>
      <DrctDbtTx><MndtRltdInf>
        <MndtId>C43SF450200126</MndtId>
        <DtOfSgntr>2012-01-02</DtOfSgntr>
      </MndtRltdInf></DrctDbtTx>
      <Dbtr>
        <Nm>VAGLIO ALBERTO</Nm>
        <PstlAdr><Ctry>SM</Ctry>
          <AdrLine>VIA PODERE DEL CIPRESSO 15</AdrLine>
          <AdrLine>47892, ACQUAVIVA, RSM, SAN MARINO</AdrLine>
        </PstlAdr>
      </Dbtr>
      <DbtrAcct><Id><IBAN>SM47U0303409804000040115760</IBAN></Id></DbtrAcct>
      <Purp><Cd>GDSV</Cd></Purp>
      <RgltryRptg><DbtCdtRptgInd>CRED</DbtCdtRptgInd></RgltryRptg>
      <RmtInf><Ustrd>RIF. D.D.T.   R39/2026 DEL 05-05-2026 SCADENZA 15-05-2026</Ustrd></RmtInf>
    </DrctDbtTxInf>
    <DrctDbtTxInf>
      <PmtId>
        <InstrId>2</InstrId>
        <EndToEndId>00002-SDDCAR06067260401</EndToEndId>
      </PmtId>
      <InstdAmt Ccy="EUR">98</InstdAmt>
      <DrctDbtTx><MndtRltdInf>
        <MndtId>C43SF450200124</MndtId>
        <DtOfSgntr>2012-01-02</DtOfSgntr>
      </MndtRltdInf></DrctDbtTx>
      <Dbtr>
        <Nm>TAMAGNINI ROBERTO</Nm>
        <PstlAdr><Ctry>SM</Ctry>
          <AdrLine>VIA DEI SALTARI 2</AdrLine>
          <AdrLine>47891, FALCIANO, RSM, SAN MARINO</AdrLine>
        </PstlAdr>
      </Dbtr>
      <DbtrAcct><Id><IBAN>SM11F0854009809000090153887</IBAN></Id></DbtrAcct>
      <Purp><Cd>GDSV</Cd></Purp>
      <RgltryRptg><DbtCdtRptgInd>CRED</DbtCdtRptgInd></RgltryRptg>
      <RmtInf><Ustrd>RIF. D.D.T.   R41/2026 DEL 05-05-2026 SCADENZA 15-05-2026</Ustrd></RmtInf>
    </DrctDbtTxInf>
    <DrctDbtTxInf>
      <PmtId>
        <InstrId>3</InstrId>
        <EndToEndId>00003-SDDCAR06067260401</EndToEndId>
      </PmtId>
      <InstdAmt Ccy="EUR">358</InstdAmt>
      <DrctDbtTx><MndtRltdInf>
        <MndtId>C43SF450200125</MndtId>
        <DtOfSgntr>2012-01-02</DtOfSgntr>
      </MndtRltdInf></DrctDbtTx>
      <Dbtr>
        <Nm>URBINATI GIUGLIANO</Nm>
        <PstlAdr><Ctry>SM</Ctry>
          <AdrLine>VIA FONDO BANDIERA 27</AdrLine>
          <AdrLine>47893, BORGO MAGGIORE, RSM, SAN MARINO</AdrLine>
        </PstlAdr>
      </Dbtr>
      <DbtrAcct><Id><IBAN>SM86R0854009805000050183296</IBAN></Id></DbtrAcct>
      <Purp><Cd>GDSV</Cd></Purp>
      <RgltryRptg><DbtCdtRptgInd>CRED</DbtCdtRptgInd></RgltryRptg>
      <RmtInf><Ustrd>RIF. D.D.T.   R43/2026 DEL 05-05-2026 SCADENZA 15-05-2026</Ustrd></RmtInf>
    </DrctDbtTxInf>
    <DrctDbtTxInf>
      <PmtId>
        <InstrId>4</InstrId>
        <EndToEndId>00004-SDDCAR06067260401</EndToEndId>
      </PmtId>
      <InstdAmt Ccy="EUR">346.68</InstdAmt>
      <DrctDbtTx><MndtRltdInf>
        <MndtId>C43SF450200050</MndtId>
        <DtOfSgntr>2012-01-02</DtOfSgntr>
      </MndtRltdInf></DrctDbtTx>
      <Dbtr>
        <Nm>TABACCHERIA COLOMBO SRL</Nm>
        <PstlAdr><Ctry>SM</Ctry>
          <AdrLine>VIA SALITA ALLA ROCCA 17</AdrLine>
          <AdrLine>47890, SAN MARINO, RSM, SAN MARINO</AdrLine>
        </PstlAdr>
      </Dbtr>
      <DbtrAcct><Id><IBAN>SM78A0303409800000060115459</IBAN></Id></DbtrAcct>
      <Purp><Cd>GDSV</Cd></Purp>
      <RgltryRptg><DbtCdtRptgInd>CRED</DbtCdtRptgInd></RgltryRptg>
      <RmtInf><Ustrd>FATT. EMESSE   172/2026 DEL 05-05-2026 SCADENZA 15-05-2026</Ustrd></RmtInf>
    </DrctDbtTxInf>
    <DrctDbtTxInf>
      <PmtId>
        <InstrId>5</InstrId>
        <EndToEndId>00005-SDDCAR06067260401</EndToEndId>
      </PmtId>
      <InstdAmt Ccy="EUR">470.98</InstdAmt>
      <DrctDbtTx><MndtRltdInf>
        <MndtId>C43SF40000000050200150</MndtId>
        <DtOfSgntr>2012-01-02</DtOfSgntr>
      </MndtRltdInf></DrctDbtTx>
      <Dbtr>
        <Nm>STUDIO BIAGIOLI SRL</Nm>
        <PstlAdr><Ctry>SM</Ctry>
          <AdrLine>VIA PIETRO TONNINI 4</AdrLine>
          <AdrLine>47893, SAN MARINO, RSM, SAN MARINO</AdrLine>
        </PstlAdr>
      </Dbtr>
      <DbtrAcct><Id><IBAN>SM55L0303409801000010123300</IBAN></Id></DbtrAcct>
      <Purp><Cd>GDSV</Cd></Purp>
      <RgltryRptg><DbtCdtRptgInd>CRED</DbtCdtRptgInd></RgltryRptg>
      <RmtInf><Ustrd>FATT. EMESSE   174/2026 DEL 05-05-2026 SCADENZA 15-05-2026</Ustrd></RmtInf>
    </DrctDbtTxInf>
    <DrctDbtTxInf>
      <PmtId>
        <InstrId>6</InstrId>
        <EndToEndId>00006-SDDCAR06067260401</EndToEndId>
      </PmtId>
      <InstdAmt Ccy="EUR">1435</InstdAmt>
      <DrctDbtTx><MndtRltdInf>
        <MndtId>C43SF450200094</MndtId>
        <DtOfSgntr>2012-01-02</DtOfSgntr>
      </MndtRltdInf></DrctDbtTx>
      <Dbtr>
        <Nm>IPPO SRL</Nm>
        <PstlAdr><Ctry>SM</Ctry>
          <AdrLine>VIA DEI BOSCHETTI 61</AdrLine>
          <AdrLine>47893, BORGO MAGGIORE, RSM, SAN MARINO</AdrLine>
        </PstlAdr>
      </Dbtr>
      <DbtrAcct><Id><IBAN>SM45Z0606709811000110100803</IBAN></Id></DbtrAcct>
      <Purp><Cd>GDSV</Cd></Purp>
      <RgltryRptg><DbtCdtRptgInd>CRED</DbtCdtRptgInd></RgltryRptg>
      <RmtInf><Ustrd>FATT. EMESSE   175/2026 DEL 05-05-2026 SCADENZA 15-05-2026</Ustrd></RmtInf>
    </DrctDbtTxInf>
    <DrctDbtTxInf>
      <PmtId>
        <InstrId>7</InstrId>
        <EndToEndId>00007-SDDCAR06067260401</EndToEndId>
      </PmtId>
      <InstdAmt Ccy="EUR">212</InstdAmt>
      <DrctDbtTx><MndtRltdInf>
        <MndtId>C43SF450200103</MndtId>
        <DtOfSgntr>2012-01-02</DtOfSgntr>
      </MndtRltdInf></DrctDbtTx>
      <Dbtr>
        <Nm>ORLANDO.SM ONORANZE FUNEBRI SRL</Nm>
        <PstlAdr><Ctry>SM</Ctry>
          <AdrLine>VIA CÀ DEI LUNGHI 115</AdrLine>
          <AdrLine>47893, BORGO MAGGIORE, RSM, SAN MARINO</AdrLine>
        </PstlAdr>
      </Dbtr>
      <DbtrAcct><Id><IBAN>SM41S0854009813000130189572</IBAN></Id></DbtrAcct>
      <Purp><Cd>GDSV</Cd></Purp>
      <RgltryRptg><DbtCdtRptgInd>CRED</DbtCdtRptgInd></RgltryRptg>
      <RmtInf><Ustrd>FATT. EMESSE   185/2026 DEL 05-05-2026 SCADENZA 15-05-2026</Ustrd></RmtInf>
    </DrctDbtTxInf>
    <DrctDbtTxInf>
      <PmtId>
        <InstrId>8</InstrId>
        <EndToEndId>00008-SDDCAR06067260401</EndToEndId>
      </PmtId>
      <InstdAmt Ccy="EUR">274.73</InstdAmt>
      <DrctDbtTx><MndtRltdInf>
        <MndtId>C43SF450200096</MndtId>
        <DtOfSgntr>2012-01-02</DtOfSgntr>
      </MndtRltdInf></DrctDbtTx>
      <Dbtr>
        <Nm>COMPAGNIA ARTE SPETTACOLO E TECNOLOGIA SRL</Nm>
        <PstlAdr><Ctry>SM</Ctry>
          <AdrLine>STRADA DI GUALDRE 5</AdrLine>
          <AdrLine>47897, FIORENTINO, RSM, SAN MARINO</AdrLine>
        </PstlAdr>
      </Dbtr>
      <DbtrAcct><Id><IBAN>SM58F0303409804000040151245</IBAN></Id></DbtrAcct>
      <Purp><Cd>GDSV</Cd></Purp>
      <RgltryRptg><DbtCdtRptgInd>CRED</DbtCdtRptgInd></RgltryRptg>
      <RmtInf><Ustrd>FATT. EMESSE   187/2026 DEL 05-05-2026 SCADENZA 15-05-2026</Ustrd></RmtInf>
    </DrctDbtTxInf>
    <DrctDbtTxInf>
      <PmtId>
        <InstrId>9</InstrId>
        <EndToEndId>00009-SDDCAR06067260401</EndToEndId>
      </PmtId>
      <InstdAmt Ccy="EUR">50</InstdAmt>
      <DrctDbtTx><MndtRltdInf>
        <MndtId>C43SF450200095</MndtId>
        <DtOfSgntr>2012-01-02</DtOfSgntr>
      </MndtRltdInf></DrctDbtTx>
      <Dbtr>
        <Nm>BEST CAR SRL</Nm>
        <PstlAdr><Ctry>SM</Ctry>
          <AdrLine>VIA CINQUE FEBBRAIO 122A</AdrLine>
          <AdrLine>47895, DOMAGNANO, RSM, SAN MARINO</AdrLine>
        </PstlAdr>
      </Dbtr>
      <DbtrAcct><Id><IBAN>SM41P0328709803000030314376</IBAN></Id></DbtrAcct>
      <Purp><Cd>GDSV</Cd></Purp>
      <RgltryRptg><DbtCdtRptgInd>CRED</DbtCdtRptgInd></RgltryRptg>
      <RmtInf><Ustrd>FATT. EMESSE   188/2026 DEL 05-05-2026 SCADENZA 15-05-2026</Ustrd></RmtInf>
    </DrctDbtTxInf>
    <DrctDbtTxInf>
      <PmtId>
        <InstrId>10</InstrId>
        <EndToEndId>00010-SDDCAR06067260401</EndToEndId>
      </PmtId>
      <InstdAmt Ccy="EUR">75.05</InstdAmt>
      <DrctDbtTx><MndtRltdInf>
        <MndtId>C43SF450200092</MndtId>
        <DtOfSgntr>2012-01-02</DtOfSgntr>
      </MndtRltdInf></DrctDbtTx>
      <Dbtr>
        <Nm>OUTLET DEL PROFUMO SRL</Nm>
        <PstlAdr><Ctry>SM</Ctry>
          <AdrLine>VIA SALITA ALLA ROCCA 40</AdrLine>
          <AdrLine>47890, SAN MARINO, RSM, SAN MARINO</AdrLine>
        </PstlAdr>
      </Dbtr>
      <DbtrAcct><Id><IBAN>SM4R0328709804000040315836</IBAN></Id></DbtrAcct>
      <Purp><Cd>GDSV</Cd></Purp>
      <RgltryRptg><DbtCdtRptgInd>CRED</DbtCdtRptgInd></RgltryRptg>
      <RmtInf><Ustrd>FATT. EMESSE   189/2026 DEL 05-05-2026 SCADENZA 15-05-2026</Ustrd></RmtInf>
    </DrctDbtTxInf>
    <DrctDbtTxInf>
      <PmtId>
        <InstrId>11</InstrId>
        <EndToEndId>00011-SDDCAR06067260401</EndToEndId>
      </PmtId>
      <InstdAmt Ccy="EUR">136.65</InstdAmt>
      <DrctDbtTx><MndtRltdInf>
        <MndtId>C43SF450200030</MndtId>
        <DtOfSgntr>2012-01-02</DtOfSgntr>
      </MndtRltdInf></DrctDbtTx>
      <Dbtr>
        <Nm>LANCIOLI MATTEO</Nm>
        <PstlAdr><Ctry>SM</Ctry>
          <AdrLine>VIA CÀ RICCIO 66</AdrLine>
          <AdrLine>47893, BORGO MAGGIORE, RSM, SAN MARINO</AdrLine>
        </PstlAdr>
      </Dbtr>
      <DbtrAcct><Id><IBAN>SM42N0328709803000038100016</IBAN></Id></DbtrAcct>
      <Purp><Cd>GDSV</Cd></Purp>
      <RgltryRptg><DbtCdtRptgInd>CRED</DbtCdtRptgInd></RgltryRptg>
      <RmtInf><Ustrd>FATT. EMESSE   192/2026 DEL 05-05-2026 SCADENZA 15-05-2026</Ustrd></RmtInf>
    </DrctDbtTxInf>
    <DrctDbtTxInf>
      <PmtId>
        <InstrId>12</InstrId>
        <EndToEndId>00012-SDDCAR06067260401</EndToEndId>
      </PmtId>
      <InstdAmt Ccy="EUR">80</InstdAmt>
      <DrctDbtTx><MndtRltdInf>
        <MndtId>C43SF450200037</MndtId>
        <DtOfSgntr>2012-01-02</DtOfSgntr>
      </MndtRltdInf></DrctDbtTx>
      <Dbtr>
        <Nm>ROSSINI COMMERCE SRL</Nm>
        <PstlAdr><Ctry>SM</Ctry>
          <AdrLine>CONTRADA DEL PIANELLO 18</AdrLine>
          <AdrLine>47890, SAN MARINO, RSM, SAN MARINO</AdrLine>
        </PstlAdr>
      </Dbtr>
      <DbtrAcct><Id><IBAN>SM8A0328709804000040301833</IBAN></Id></DbtrAcct>
      <Purp><Cd>GDSV</Cd></Purp>
      <RgltryRptg><DbtCdtRptgInd>CRED</DbtCdtRptgInd></RgltryRptg>
      <RmtInf><Ustrd>FATT. EMESSE   194/2026 DEL 05-05-2026 SCADENZA 15-05-2026</Ustrd></RmtInf>
    </DrctDbtTxInf>
    <DrctDbtTxInf>
      <PmtId>
        <InstrId>13</InstrId>
        <EndToEndId>00013-SDDCAR06067260401</EndToEndId>
      </PmtId>
      <InstdAmt Ccy="EUR">100</InstdAmt>
      <DrctDbtTx><MndtRltdInf>
        <MndtId>C43SF450200122</MndtId>
        <DtOfSgntr>2012-01-02</DtOfSgntr>
      </MndtRltdInf></DrctDbtTx>
      <Dbtr>
        <Nm>SAN MARTINI GIOVANNI</Nm>
        <PstlAdr><Ctry>SM</Ctry>
          <AdrLine>VIA FONDO BANDIERA 25</AdrLine>
          <AdrLine>47893, BORGO MAGGIORE, RSM, SAN MARINO</AdrLine>
        </PstlAdr>
      </Dbtr>
      <DbtrAcct><Id><IBAN>SM38Y0854009805000050182530</IBAN></Id></DbtrAcct>
      <Purp><Cd>GDSV</Cd></Purp>
      <RgltryRptg><DbtCdtRptgInd>CRED</DbtCdtRptgInd></RgltryRptg>
      <RmtInf><Ustrd>FATT. EMESSE   195/2026 DEL 05-05-2026 SCADENZA 15-05-2026</Ustrd></RmtInf>
    </DrctDbtTxInf>
    <DrctDbtTxInf>
      <PmtId>
        <InstrId>14</InstrId>
        <EndToEndId>00014-SDDCAR06067260401</EndToEndId>
      </PmtId>
      <InstdAmt Ccy="EUR">68</InstdAmt>
      <DrctDbtTx><MndtRltdInf>
        <MndtId>C43SF450200007</MndtId>
        <DtOfSgntr>2012-01-02</DtOfSgntr>
      </MndtRltdInf></DrctDbtTx>
      <Dbtr>
        <Nm>ARMERIA BATTISTINI</Nm>
        <PstlAdr><Ctry>SM</Ctry>
          <AdrLine>VIA BASILICIUS 23</AdrLine>
          <AdrLine>47890, SAN MARINO, RSM, SAN MARINO</AdrLine>
        </PstlAdr>
      </Dbtr>
      <DbtrAcct><Id><IBAN>SM2F0328709804000040305405</IBAN></Id></DbtrAcct>
      <Purp><Cd>GDSV</Cd></Purp>
      <RgltryRptg><DbtCdtRptgInd>CRED</DbtCdtRptgInd></RgltryRptg>
      <RmtInf><Ustrd>FATT. EMESSE   196/2026 DEL 05-05-2026 SCADENZA 15-05-2026</Ustrd></RmtInf>
    </DrctDbtTxInf>
    <DrctDbtTxInf>
      <PmtId>
        <InstrId>15</InstrId>
        <EndToEndId>00015-SDDCAR06067260401</EndToEndId>
      </PmtId>
      <InstdAmt Ccy="EUR">54</InstdAmt>
      <DrctDbtTx><MndtRltdInf>
        <MndtId>C43SF450200011</MndtId>
        <DtOfSgntr>2012-01-02</DtOfSgntr>
      </MndtRltdInf></DrctDbtTx>
      <Dbtr>
        <Nm>CARDOGNA AVV. CECILIA</Nm>
        <PstlAdr><Ctry>SM</Ctry>
          <AdrLine>VIA CÀ DEI LUNGHI 64</AdrLine>
          <AdrLine>47893, BORGO MAGGIORE, RSM, SAN MARINO</AdrLine>
        </PstlAdr>
      </Dbtr>
      <DbtrAcct><Id><IBAN>SM37U0303409804000040110023</IBAN></Id></DbtrAcct>
      <Purp><Cd>GDSV</Cd></Purp>
      <RgltryRptg><DbtCdtRptgInd>CRED</DbtCdtRptgInd></RgltryRptg>
      <RmtInf><Ustrd>FATT. EMESSE   199/2026 DEL 05-05-2026 SCADENZA 15-05-2026</Ustrd></RmtInf>
    </DrctDbtTxInf>
    <DrctDbtTxInf>
      <PmtId>
        <InstrId>16</InstrId>
        <EndToEndId>00016-SDDCAR06067260401</EndToEndId>
      </PmtId>
      <InstdAmt Ccy="EUR">166.06</InstdAmt>
      <DrctDbtTx><MndtRltdInf>
        <MndtId>C43SF450200045</MndtId>
        <DtOfSgntr>2012-01-02</DtOfSgntr>
      </MndtRltdInf></DrctDbtTx>
      <Dbtr>
        <Nm>STOLFI MARCO SOLUTION SRL</Nm>
        <PstlAdr><Ctry>SM</Ctry>
          <AdrLine>VIA VENTOTTO LUGLIO 212</AdrLine>
          <AdrLine>47893, BORGO MAGGIORE, RSM, SAN MARINO</AdrLine>
        </PstlAdr>
      </Dbtr>
      <DbtrAcct><Id><IBAN>SM59O0328709801000010305793</IBAN></Id></DbtrAcct>
      <Purp><Cd>GDSV</Cd></Purp>
      <RgltryRptg><DbtCdtRptgInd>CRED</DbtCdtRptgInd></RgltryRptg>
      <RmtInf><Ustrd>FATT. EMESSE   200/2026 DEL 05-05-2026 SCADENZA 15-05-2026</Ustrd></RmtInf>
    </DrctDbtTxInf>
  </PmtInf>
</CBISDDReqLogMsg>
